@INPROCEEDINGS{GentrySTOC09,
  author = "C. Gentry",
  title = "Fully Homomorphic Encryption Using Ideal Lattices",
  booktitle = "STOC '09: Proceedings of the 41st Annual ACM Symposium on Theory of Computing",
  pages = "169--178",
  year = 2009
}

@incollection{StehleSteinfeld,
  title={Faster fully homomorphic encryption},
  author={Stehl{\'e}, Damien and Steinfeld, Ron},
  booktitle={Advances in Cryptology-ASIACRYPT 2010},
  pages={377--394},
  year={2010},
  publisher={Springer}
}

@phdthesis{GentryThesis09,
  title={A fully homomorphic encryption scheme},
  author={Gentry, Craig},
  year={2009},
  school={Stanford University}
}


@incollection{SmartVercauteren,
  title={Fully homomorphic encryption with relatively small key and ciphertext sizes},
  author={Smart, Nigel P and Vercauteren, Frederik},
  booktitle={Public Key Cryptography--PKC 2010},
  pages={420--443},
  year={2010},
  publisher={Springer}
}

@incollection{DGHV,
  title={Fully homomorphic encryption over the integers},
  author={Van Dijk, Marten and Gentry, Craig and Halevi, Shai and Vaikuntanathan, Vinod},
  booktitle={Advances in Cryptology--EUROCRYPT 2010},
  pages={24--43},
  year={2010},
  publisher={Springer}
}

@incollection{ImplementingGentry,
  title={Implementing gentryâ€™s fully-homomorphic encryption scheme},
  author={Gentry, Craig and Halevi, Shai},
  booktitle={Advances in Cryptology--EUROCRYPT 2011},
  pages={129--148},
  year={2011},
  publisher={Springer}
}

@misc{BreakingGentry2011,
  author = {Moon Sung Lee},
  title = {On the sparse subset sum problem from Gentry-Halevi's implementation of fully homomorphic encryption},
  howpublished = {Cryptology ePrint Archive, Report 2011/567},
  year = {2011},
  note = {\url{http://eprint.iacr.org/}},
}

@inproceedings{Practical,
  title={Can homomorphic encryption be practical?},
  author={Naehrig, Michael and Lauter, Kristin and Vaikuntanathan, Vinod},
  booktitle={Proceedings of the 3rd ACM workshop on Cloud computing security workshop},
  pages={113--124},
  year={2011},
  organization={ACM}
}

@inproceedings{Depth3,
  title={Fully homomorphic encryption without squashing using depth-3 arithmetic circuits},
  author={Gentry, Craig and Halevi, Shai},
  booktitle={Foundations of Computer Science (FOCS), 2011 IEEE 52nd Annual Symposium on},
  pages={107--109},
  year={2011},
  organization={IEEE}
}

@inproceedings{StandardLWE,
  title={Efficient fully homomorphic encryption from (standard) LWE},
  author={Brakerski, Zvika and Vaikuntanathan, Vinod},
  booktitle={Foundations of Computer Science (FOCS), 2011 IEEE 52nd Annual Symposium on},
  pages={97--106},
  year={2011},
  organization={IEEE}
}

@incollection{AES,
  title={Homomorphic evaluation of the AES circuit},
  author={Gentry, Craig and Halevi, Shai and Smart, Nigel P},
  booktitle={Advances in Cryptology--CRYPTO 2012},
  pages={850--867},
  year={2012},
  publisher={Springer}
}

@incollection{CNT,
  title={Public key compression and modulus switching for fully homomorphic encryption over the integers},
  author={Coron, Jean-S{\'e}bastien and Naccache, David and Tibouchi, Mehdi},
  booktitle={Advances in Cryptology--EUROCRYPT 2012},
  pages={446--464},
  year={2012},
  publisher={Springer}
}

@article{Rivest,
  title={On data banks and privacy homomorphisms},
  author={Rivest, Ronald L and Adleman, Len and Dertouzos, Michael L},
  journal={Foundations of secure computation},
  volume={32},
  number={4},
  pages={169--178},
  year={1978}
}

@article{SansBootstrapping,
  title={Fully homomorphic encryption without bootstrapping},
  author={Gentry, Craig},
  journal={Security},
  volume={111},
  number={111},
  pages={1--12},
  year={2011}
}

@misc{Coron,
  title="https://github.com/coron/fhe"
}
